<record><leader>00000cas a22000007a 4500</leader><controlfield tag="001">8833700</controlfield><controlfield tag="008">821005d19081977ctudn ne      0   a0eng  </controlfield><datafield ind1=" " ind2=" " tag="010"><subfield code="a">sn 82015933 </subfield></datafield><datafield ind1=" " ind2=" " tag="040"><subfield code="a">DLC</subfield><subfield code="b">eng</subfield><subfield code="c">DLC</subfield><subfield code="d">OCL</subfield><subfield code="d">DLC</subfield><subfield code="d">NYS</subfield><subfield code="d">CNW</subfield><subfield code="d">DLC</subfield><subfield code="d">OCLCO</subfield><subfield code="d">OCLCQ</subfield><subfield code="d">OCLCF</subfield></datafield><datafield ind1=" " ind2=" " tag="012"><subfield code="b">3</subfield></datafield><datafield ind1=" " ind2=" " tag="019"><subfield code="a">9149800</subfield></datafield><datafield ind1="1" ind2=" " tag="029"><subfield code="a">AU@</subfield><subfield code="b">000020345785</subfield></datafield><datafield ind1=" " ind2=" " tag="042"><subfield code="a">pcc</subfield></datafield><datafield ind1=" " ind2=" " tag="043"><subfield code="a">n-us-ct</subfield></datafield><datafield ind1="0" ind2="0" tag="050"><subfield code="a">Newspaper</subfield></datafield><datafield ind1="0" ind2=" " tag="130"><subfield code="a">Bridgeport telegram (Bridgeport, Conn. : 1908)</subfield></datafield><datafield ind1="1" ind2="4" tag="245"><subfield code="a">The Bridgeport telegram.</subfield></datafield><datafield ind1="3" ind2="0" tag="246"><subfield code="a">Bridgeport standard telegram</subfield></datafield><datafield ind1="1" ind2="3" tag="246"><subfield code="a">Morning telegram</subfield><subfield code="f">1908-&lt;June 30, 1909&gt;</subfield></datafield><datafield ind1="1" ind2="7" tag="246"><subfield code="a">Bridgeport morning telegram</subfield><subfield code="f">1908-&lt;June 30, 1909&gt;</subfield></datafield><datafield ind1=" " ind2=" " tag="260"><subfield code="a">Bridgeport, Conn. :</subfield><subfield code="b">George W. Hills</subfield></datafield><datafield ind1=" " ind2=" " tag="300"><subfield code="a">v.</subfield></datafield><datafield ind1=" " ind2=" " tag="310"><subfield code="a">Daily (except Sun.)</subfield></datafield><datafield ind1="0" ind2=" " tag="362"><subfield code="a">Vol. 25, no. 97 (Feb. 17, 1908)-v. 86, no. 247 (Oct. 17, 1977).</subfield></datafield><datafield ind1=" " ind2=" " tag="500"><subfield code="a">Published as: Bridgeport standard telegram, Jan. 6, 1919-Nov. 8, 1919.</subfield></datafield><datafield ind1=" " ind2=" " tag="530"><subfield code="a">Available on microfilm from UMI on film with Bridgeport Post.</subfield></datafield><datafield ind1=" " ind2=" " tag="580"><subfield code="a">Evening ed.: Bridgeport post, Dec. 7, 1950-1977.</subfield></datafield><datafield ind1=" " ind2="0" tag="651"><subfield code="a">Bridgeport (Conn.)</subfield><subfield code="v">Newspapers.</subfield></datafield><datafield ind1=" " ind2="0" tag="651"><subfield code="a">Fairfield County (Conn.)</subfield><subfield code="v">Newspapers.</subfield></datafield><datafield ind1=" " ind2="7" tag="655"><subfield code="a">Newspapers.</subfield><subfield code="2">fast</subfield><subfield code="0">(OCoLC)fst01423814</subfield></datafield><datafield ind1=" " ind2="7" tag="651"><subfield code="a">Connecticut</subfield><subfield code="z">Bridgeport.</subfield><subfield code="2">fast</subfield><subfield code="0">(OCoLC)fst01209541</subfield></datafield><datafield ind1=" " ind2="7" tag="651"><subfield code="a">Connecticut</subfield><subfield code="z">Fairfield County.</subfield><subfield code="2">fast</subfield><subfield code="0">(OCoLC)fst01207658</subfield></datafield><datafield ind1=" " ind2=" " tag="752"><subfield code="a">United States</subfield><subfield code="b">Connecticut</subfield><subfield code="c">Fairfield</subfield><subfield code="d">Bridgeport.</subfield></datafield><datafield ind1="1" ind2=" " tag="775"><subfield code="t">Bridgeport post</subfield><subfield code="w">(DLC)sn 82016256</subfield><subfield code="w">(OCoLC)9264305</subfield></datafield><datafield ind1="0" ind2="5" tag="780"><subfield code="t">Standard-American</subfield><subfield code="g">Jan. 1919</subfield><subfield code="w">(DLC)sn 92051171</subfield></datafield><datafield ind1="0" ind2="0" tag="780"><subfield code="t">Bridgeport morning telegram (Bridgeport, Conn. : 1906)</subfield><subfield code="w">(DLC)sn 92051181</subfield></datafield><datafield ind1="0" ind2="0" tag="785"><subfield code="t">Telegram (Bridgeport, Conn.)</subfield><subfield code="w">(DLC)sn 82014613</subfield><subfield code="w">(OCoLC)8814584</subfield></datafield></record>